@article{turing1937,
author = {Turing, A. M.},
title = {On Computable Numbers, with an Application to the Entscheidungsproblem},
journal = {Proceedings of the London Mathematical Society},
volume = {s2-42},
number = {1},
pages = {230-265},
doi = {10.1112/plms/s2-42.1.230},
url = {https://londmathsoc.onlinelibrary.wiley.com/doi/abs/10.1112/plms/s2-42.1.230},
eprint = {https://londmathsoc.onlinelibrary.wiley.com/doi/pdf/10.1112/plms/s2-42.1.230},
year = {1937}
}

@inproceedings{cook1971,
	author = {Cook, Stephen A.},
	title = {The Complexity of Theorem-proving Procedures},
	booktitle = {Proceedings of the Third Annual ACM Symposium on Theory of Computing},
	series = {STOC '71},
	year = {1971},
	location = {Shaker Heights, Ohio, USA},
	pages = {151--158},
	numpages = {8},
	url = {http://doi.acm.org/10.1145/800157.805047},
	doi = {10.1145/800157.805047},
	acmid = {805047},
	publisher = {ACM},
	address = {New York, NY, USA},
}

@Book{garey1979,
	Publisher = {WH freeman San Francisco},
	author = {Garey, M. R. and Johnson, D. S.},
	title = {Computers and Intractability: A Guide to the Theory of
	NP-completeness},
	year = {1979},
}